@inproceedings{goldfeld2019estimating,
  title     = {Estimating Information Flow in Deep Neural Networks},
  author    = {Goldfeld, Ziv and van den Berg, Ewout and Greenewald, Kristjan and Melnyk, Igor and Nguyen, Nam and Kingsbury, Brian and Polyanskiy, Yury},
  booktitle = {International Conference on Machine Learning (ICML)},
  pages     = {2299--2308},
  year      = {2019},
  url       = {https://proceedings.mlr.press/v97/goldfeld19a.html},
}

@article{shwartz2017opening,
  title   = {Opening the black box of Deep Neural Networks via Information},
  author  = {Shwartz-Ziv, Ravid and Tishby, Naftali},
  journal = {arXiv preprint arXiv:1703.00810},
  year    = {2017},
  url     = {https://arxiv.org/abs/1703.00810},
}

@inproceedings{tishby2015deep,
  title     = {Deep Learning and the Information Bottleneck Principle},
  author    = {Tishby, Naftali and Zaslavsky, Noga},
  booktitle = {IEEE Information Theory Workshop (ITW)},
  pages     = {1--5},
  year      = {2015},
  doi       = {10.1109/ITW.2015.7133169},
  url       = {https://ieeexplore.ieee.org/document/7133169},
}

@inproceedings{saxe2018information,
  title     = {On the Information Bottleneck Theory of Deep Learning},
  author    = {Saxe, Andrew M. and Bansal, Yamini and Dapello, Joel and Advani, Madhu and Lampinen, Andrew and Teh, Yee Whye and Ganguli, Surya},
  booktitle = {International Conference on Learning Representations (ICLR)},
  year      = {2018},
  url       = {https://openreview.net/forum?id=ry_WPG-A-},
}

@inproceedings{kolchinsky2019caveats,
  title     = {Caveats for information bottleneck in deterministic scenarios},
  author    = {Kolchinsky, Artemy and Tracey, Brendan D. and Van Kuyk, David},
  booktitle = {International Conference on Learning Representations (ICLR)},
  year      = {2019},
  url       = {https://openreview.net/forum?id=rke4HiAcY7},
}

@inproceedings{duchi2018certifying,
  title     = {Certifying Some Distributional Robustness with Principled Adversarial Training},
  author    = {Sinha, Aman and Namkoong, Hongseok and Duchi, John},
  booktitle = {International Conference on Learning Representations (ICLR)},
  year      = {2018},
  url       = {https://openreview.net/forum?id=Hk6kPgZA-},
}

@book{coverthomas,
  title     = {Elements of Information Theory},
  author    = {Cover, Thomas M. and Thomas, Joy A.},
  publisher = {John Wiley \& Sons},
  edition   = {2nd},
  year      = {2012},
  isbn      = {978-0471241959},
}
